
@book{Likert1931,
	address = {New York},
	author = {Likert, Rensis},
	booktitle = {A technique for the measurement of attitudes},
	keywords = {Attitude (Psychology) -- Testing ; Character tests},
	language = {eng},
	publisher = {[s.n.]},
	series = {Archives of psychology ; no. 140},
	title = {A technique for the measurement of attitudes / by Rensis Likert.},
	year = {1932}}

