@Book{ggplot2,
    author = {Hadley Wickham},
    title = {ggplot2: elegant graphics for data analysis},
    publisher = {Springer New York},
    year = {2009},
    isbn = {978-0-387-98140-6},
    url = {http://had.co.nz/ggplot2/book},
  }

@ARTICLE{Likert1932,
  author = {Rensis Likert},
  title = {A Technique for the Measurement of Attitudes},
  year = {1932},
  volume = {142},
  pages = {1--55},
  journal = {Archives of Psychology}
}

@article{pisa,
   author = {OECD},
   year = {2010},
   title = {Programme of International Student Assessment (PISA)}
}

@article{Wakita2012,
   author = {Takafumi Wakita and Natsumi Ueshima and Hiroyuki Noguchi},
   year = {2012},
   title = {Psychological Distance Between Categories in the Likert Scale : Comparing Different Numbers of Options},
   journal = {Educational and Psychological},
   volume = {72},
   issue {533}
}

@Manual{xtable,    title = {xtable: Export tables to LaTeX or HTML},    author = {David B. Dahl},    year = {2012},    note = {R package version 1.7-0},    url = {http://CRAN.R-project.org/package=xtable},  }